@article{Abers2017,
author = {Abers, G. A. and {van Keken}, P. E. and Hacker, B. R.},
journal = {Nature Geoscience},
number = {5},
pages = {333--337},
publisher = {Nature Publishing Group},
title = {{The cold and relatively dry nature of mantle forearcs in subduction zones}},
volume = {10},
year = {2017}
}
@article{Agard2018,
author = {Agard, P. and Plunder, A. and Angiboust, S. and Bonnet, G. and Ruh, J. B.},
journal = {Lithos},
keywords = {Blueschist,Eclogite,Mantle wedge,Mechanical coupling,Oceanic lithosphere,Plate interface,Slab dynamics,Subduction},
pages = {537--566},
publisher = {Elsevier B.V.},
title = {{The subduction plate interface: Rock record and mechanical coupling (from long to short time scales)}},
volume = {320-321},
year = {2018}
}
@article{Agard2009,
  author = {Agard, P. and Yamato, P. and Jolivet, L. and Burov, E.},
  journal = {Earth-Science Reviews},
  number = {1-2},
  pages = {53--79},
  publisher = {Elsevier B.V.},
  title = {{Exhumation of oceanic blueschists and eclogites in subduction zones: Timing and mechanisms}},
  volume = {92},
  year = {2009}
}
@article{Agard2016,
author = {Agard, P. and Yamato, P. and Soret, M. and Prigent, C. and Guillot, S. and Plunder, A. and Dubacq, B. and Chauvet, A. and Moni{\'{e}}, P.},
journal = {Earth and Planetary Science Letters},
pages = {208--220},
publisher = {Elsevier B.V.},
title = {{Plate interface rheological switches during subduction infancy: Control on slab penetration and metamorphic sole formation}},
volume = {451},
year = {2016}
}
@article{Agrusta2013,
  author = {Agrusta, R. and Arcay, D. and Tommasi, A. and Davaille, A. and Ribe, N. and Gerya, T.},
  journal = {Geophysical Journal International},
  number = {2},
  pages = {591--610},
  title = {{Small-scale convection in a plume-fed low-viscosity layer beneath a moving plate}},
  volume = {194},
  year = {2013}
}
@article{Arcay2006,
  title={Overriding plate thinning in subduction zones: Localized convection induced by slab dehydration},
  author={Arcay, D. and Doin, M. P. and Tric, E. and Bousquet, R. and de Capitani, C.},
  journal={Geochemistry, Geophysics, Geosystems},
  volume={7},
  number={2},
  year={2006},
  publisher={Wiley Online Library}
}
@article{Arcay2007,
author = {Arcay, D. and Tric, E. and Doin, M. P.},
journal = {Earth and Planetary Science Letters},
number = {3-4},
pages = {324--338},
title = {{Slab surface temperature in subduction zones: Influence of the interplate decoupling depth and upper plate thinning processes}},
volume = {255},
year = {2007}
}
@article{Bittner1995,
author = {Bittner, D. and Schmeling, H.},
journal = {Geophysical Journal International},
number = {1},
pages = {59--70},
title = {{Numerical Modelling of Melting Processes and Induced Diapirism In the Lower Crust}},
volume = {123},
year = {1995}
}
@incollection{Byerlee1978,
author = {Byerlee, J.},
booktitle = {Rock Friction and Earthquake Prediction},
isbn = {978-3-0348-7182-2},
number = {4-5},
pages = {615--626},
publisher = {Birkh{\"{a}}user Basel},
title = {{Friction of Rocks}},
volume = {116},
year = {1978}
}
@article{Burg2005,
  title={The role of viscous heating in Barrovian metamorphism of collisional orogens: thermomechanical models and application to the Lepontine Dome in the Central Alps},
  author={Burg, J. P. and Gerya, T.},
  journal={Journal of Metamorphic Geology},
  volume={23},
  number={2},
  pages={75--95},
  year={2005},
  publisher={Wiley Online Library}
}
@article{Carlson2003,
title={Mantle wedge water contents estimated from seismic velocities in partially serpentinized peridotites},
author={Carlson, R. L. and Miller, D. J.},
journal={Geophysical Research Letters},
volume={30},
number={5},
year={2003},
publisher={Wiley Online Library}
}
@article{Cizkova2013,
author = {{\v{C}}{\'{i}}{\v{z}}kov{\'{a}}, H. and Bina, C. R.},
journal = {Earth and Planetary Science Letters},
pages = {95--103},
title = {{Effects of mantle and subduction-interface rheologies on slab stagnation and trench rollback}},
volume = {379},
year = {2013}
}
@article{Clauser1995,
  title={Thermal conductivity of rocks and minerals},
  author={Clauser, C. and Huenges, E.},
  journal={Rock physics and phase relations: a handbook of physical constants},
  volume={3},
  pages={105--126},
  year={1995},
  publisher={Wiley Online Library}
}
@article{Connolly2005,
author = {Connolly, J. A.D.},
journal = {Earth and Planetary Science Letters},
number = {1-2},
pages = {524--541},
title = {{Computation of phase equilibria by linear programming: A tool for geodynamic modeling and its application to subduction zone decarbonation}},
volume = {236},
year = {2005}
}
@article{Currie2004,
author = {Currie, C. A. and Wang, K. and Hyndman, R. D. and He, J.},
journal = {Earth and Planetary Science Letters},
number = {1-2},
pages = {35--48},
title = {{The thermal effects of steady-state slab-driven mantle flow above a subducting plate: The Cascadia subduction zone and backarc}},
volume = {223},
year = {2004}
}
@article{Currie2006,
author = {Currie, C. A. and Hyndman, R. D.},
journal = {Journal of Geophysical Research},
number = {August},
pages = {1--22},
title = {{The thermal structure of subduction zone back arcs}},
volume = {111},
year = {2006}
}
@article{Davies1999,
author = {Davies, J. H.},
journal = {Nature},
number = {March},
pages = {142--145},
title = {{The role of hydraulic fractures and intermediate depth earthquakes in generating suduction zone magmatism}},
volume = {417},
year = {1999}
}
@article{England2004,
author = {England, P. and Engdahl, R. and Thatcher, W.},
journal = {Geophysical Journal International},
number = {2},
pages = {377--408},
title = {{Systematic variation in the depths of slabs beneath arc volcanoes}},
volume = {156},
year = {2004}
}
@article{England2010,
  title={Melting above the anhydrous solidus controls the location of volcanic arcs},
  author={England, P. and Katz, R. F.},
  journal={Nature},
  volume={467},
  number={7316},
  pages={700--703},
  year={2010},
  publisher={Nature Publishing Group}
}
@article{Faccenda2009,
author = {Faccenda, M. and Gerya, T. and Burlini, L.},
journal = {Nature Geoscience},
number = {11},
pages = {790--793},
publisher = {Nature Publishing Group},
title = {{Deep slab hydration induced by bending-related variations in tectonic pressure}},
volume = {2},
year = {2009}
}
@article{Furlong2013,
author = {Furlong, K. P. and Chapman, D. S.},
journal = {Annual Review of Earth and Planetary Sciences},
number = {1},
pages = {385--410},
title = {{Heat Flow, Heat Generation, and the Thermal State of the Lithosphere}},
volume = {41},
year = {2013}
}
@article{Furukawa1993,
author = {Furukawa, Y.},
journal = {Journal of Geophysical Research},
pages = {8309--8319},
title = {{Magmatic Processes Under Arcs and Formation of the Volcanic Front}},
volume = {98},
year = {1993}
}
@article{Gao2014,
author = {Gao, X. and Wang, K.},
journal = {Science},
number = {6200},
pages = {1038--1041},
title = {{Strength of stick-slip and creeping subduction megathrusts from heat flow observations}},
volume = {345},
year = {2014}
}
@article{Gao2017,
author = {Gao, X. and Wang, K.},
journal = {Nature},
number = {7645},
pages = {416--419},
title = {{Rheological separation of the megathrust seismogenic zone and episodic tremor and slip}},
volume = {543},
year = {2017}
}
@article{Gerya2008,
author = {Gerya, T. and Connolly, J. A.D. and Yuen, D. A.},
journal = {Geology},
number = {1},
pages = {43--46},
title = {{Why is terrestrial subduction one-sided?}},
volume = {36},
year = {2008}
}
@article{Gerya2011,
  title={Geodynamic regimes of subduction under an active margin: effects of rheological weakening by fluids and melts},
  author={Gerya, T. and Meilick, F. I.},
  journal={Journal of Metamorphic Geology},
  volume={29},
  number={1},
  pages={7--31},
  year={2011},
  publisher={Wiley Online Library}
}
@article{Gerya2003,
author = {Gerya, T. and Yuen, D. A.},
journal = {Physics of the Earth and Planetary Interiors},
number = {4},
pages = {293--318},
title = {{Characteristics-based marker-in-cell method with conservative finite-differences schemes for modeling geological flows with strongly variable transport properties}},
volume = {140},
year = {2003}
}
@article{Gonzalez2016,
  title={Decarbonation of subducting slabs: Insight from petrological--thermomechanical modeling},
  author={Gonzalez, Christopher M and Gorczyk, Weronika and Gerya, TV},
  journal={Gondwana Research},
  volume={36},
  pages={314--332},
  year={2016},
  publisher={Elsevier}
}
@article{Gorczyk2007,
author = {Gorczyk, W. and Willner, A. P. and Gerya, T. and Connolly, J. A.D. and Burg, J. P.},
journal = {Physics of the Earth and Planetary Interiors},
number = {1-4},
pages = {209--232},
title = {{Physical controls of magmatic productivity at Pacific-type convergent margins: Numerical modelling}},
volume = {163},
year = {2007}
}
@article{Grove2012,
author = {Grove, T. L. and Till, C. B. and Krawczynski, M. J.},
journal = {Annual Review of Earth and Planetary Sciences},
number = {1},
pages = {413--439},
title = {{The Role of H 2 O in Subduction Zone Magmatism}},
volume = {40},
year = {2012}
}
@article{Hacker2003,
author = {Hacker, B. R. and Peacock, S. M. and Abers, G. A. and Holloway, S. D.},
journal = {Journal of Geophysical Research: Solid Earth},
number = {B1},
title = {{Subduction factory 2. Are intermediate-depth earthquakes in subducting slabs linked to metamorphic dehydration reactions?}},
volume = {108},
year = {2003}
}
@article{Hilairet2007,
  title={High-pressure creep of serpentine, interseismic deformation, and initiation of subduction},
  author={Hilairet, N. and Reynard, B. and Wang, Y. and Daniel, I. and Merkel, S. and Nishiyama, N. and Petitgirard, S.},
  journal={Science},
  volume={318},
  number={5858},
  pages={1910--1913},
  year={2007},
  publisher={American Association for the Advancement of Science}
}
@article{Hyndman2003,
  title={Serpentinization of the forearc mantle},
  author={Hyndman, R. D. and Peacock, S. M.},
  journal={Earth and Planetary Science Letters},
  volume={212},
  number={3-4},
  pages={417--432},
  year={2003},
  publisher={Elsevier}
}
@article{Ito1971,
  title={An experimental study of the basalt-garnet granulite-eclogite transition},
  author={Ito, Keisuke and Kennedy, George C},
  journal={The structure and physical properties of the Earth's crust},
  volume={14},
  pages={303--314},
  year={1971},
  publisher={Wiley Online Library}
}
@article{Jull2001,
  title={On the conditions for lower crustal convective instability},
  author={Jull, M. and Kelemen, P. B.},
  journal={Journal of Geophysical Research: Solid Earth},
  volume={106},
  number={B4},
  pages={6423--6446},
  year={2001},
  publisher={Wiley Online Library}
}
@article{Karato1993,
  title={Rheology of the upper mantle: A synthesis},
  author={Karato, S. and Wu, P.},
  journal={Science},
  volume={260},
  number={5109},
  pages={771--778},
  year={1993},
  publisher={American Association for the Advancement of Science}
}
@article{McKenzie1969,
author = {McKenzie, D. P.},
journal = {Geophysical Journal International},
number = {1},
pages = {1--32},
title = {{Speculations on the Consequences and Causes of Plate Motions}},
volume = {18},
year = {1969}
}
@book{Patankar2018,
  title={Numerical heat transfer and fluid flow},
  author={Patankar, S.},
  year={2018},
  publisher={Taylor \& Francis}
}
@article{Peacock1990,
  title={Fluid processes in subduction zones},
  author={Peacock, S. M.},
  journal={Science},
  volume={248},
  number={4953},
  pages={329--337},
  year={1990},
  publisher={American Association for the Advancement of Science}
}
@article{Peacock1991,
  title={Numerical simulation of subduction zone pressure-temperature-time paths: constraints on fluid production and arc magmatism},
  author={Peacock, S. M.},
  journal={Philosophical Transactions of the Royal Society of London. Series A: Physical and Engineering Sciences},
  volume={335},
  number={1638},
  pages={341--353},
  year={1991},
  publisher={The Royal Society London}
}
@article{Peacock1993,
  title={The importance of blueschist $\rightarrow$ eclogite dehydration reactions in subducting oceanic crust},
  author={Peacock, S. M.},
  journal={Geological Society of America Bulletin},
  volume={105},
  number={5},
  pages={684--694},
  year={1993},
  publisher={Geological Society of America}
}
@article{Peacock1994,
  title={Partial melting of subducting oceanic crust},
  author={Peacock, S. M. and Rushmer, T. and Thompson, A. B.},
  journal={Earth and planetary science letters},
  volume={121},
  number={1-2},
  pages={227--244},
  year={1994},
  publisher={Elsevier}
}
@article{Peacock1996,
  title={Thermal and petrologic structure of subduction zones},
  author={Peacock, S. M.},
  journal={Subduction: top to bottom},
  volume={96},
  pages={119--133},
  year={1996},
  publisher={Wiley Online Library}
}
@article{Peacock1999a,
author = {Peacock, S. M. and Hyndman, R. D.},
journal = {Geophysical Research Letters},
number = {No. 16},
pages = {2517--2520},
title = {{Hydrous minerals in the mantle wedge and the maximum depth of subduction thrust earthquakes}},
volume = {26},
year = {1999}
}
@article{Peacock1999b,
  title={Seismic consequences of warm versus cool subduction metamorphism: Examples from southwest and northeast Japan},
  author={Peacock, S. M. and Wang, K.},
  journal={Science},
  volume={286},
  number={5441},
  pages={937--939},
  year={1999},
  publisher={American Association for the Advancement of Science}
}
@article{Penniston2015,
  title={The global range of subduction zone thermal structures from exhumed blueschists and eclogites: Rocks are hotter than models},
  author={Penniston-Dorland, S. C. and Kohn, M. J. and Manning, C. E.},
  journal={Earth and Planetary Science Letters},
  volume={428},
  pages={243--254},
  year={2015},
  publisher={Elsevier}
}
@book{Ranalli1995,
  title={Rheology of the Earth},
  author={Ranalli, G.},
  year={1995},
  publisher={Springer Science \& Business Media}
}
@article{ReesJones2018,
author = {Rees Jones, D. W. and Katz, R. F. and Tian, M. and Rudge, J. F.},
journal = {Earth and Planetary Science Letters},
pages = {73--79},
publisher = {Elsevier B.V.},
title = {{Thermal impact of magmatism in subduction zones}},
volume = {481},
year = {2018}
}
@article{Reynard2013,
author = {Reynard, B.},
journal = {Lithos},
pages = {171--185},
publisher = {Elsevier B.V.},
title = {{Serpentine in active subduction zones}},
volume = {178},
year = {2013}
}
@article{Rudnick1998,
author = {Rudnick, R. L. and McDonough, W. F. and O{\&}apos;Connell, R. J.},
journal = {Chemical Geology},
number = {3-4},
pages = {395--411},
title = {{Thermal structure, thickness and composition of continental lithosphere}},
volume = {145},
year = {1998}
}
@article{Ruh2015,
author = {Ruh, J. B. and Le Pourhiet, L. and Agard, P. and Burov, E. and Gerya, T.},
journal = {Geochemistry, Geophysics, Geosystems},
number = {10},
pages = {3505--3531},
title = {{Tectonic slicing of subducting oceanic crust along plate interfaces: Numerical modeling}},
volume = {16},
year = {2015}
}
@article{Schmidt1998,
author = {Schmidt, M. W. and Poli, S.},
journal = {Earth and Planetary Science Letters},
number = {1-4},
pages = {361--379},
title = {{Experimentally based water budgets for dehydrating slabs and consequences for arc magma generation}},
volume = {163},
year = {1998}
}
@article{Shen2015,
  title={UHP metamorphism documented in Ti-chondrodite-and Ti-clinohumite-bearing serpentinized ultramafic rocks from Chinese southwestern Tianshan},
  author={Shen, T. and Hermann, J. and Zhang, L. and L{\"u}, Z. and Padr{\'o}n-Navarta, J. A. and Xia, B. and Bader, T.},
  journal={Journal of Petrology},
  volume={56},
  number={7},
  pages={1425--1458},
  year={2015},
  publisher={Oxford University Press}
}
@article{Sizova2010,
author = {Sizova, E. and Gerya, T. and Brown, M. and Perchuk, L. L.},
journal = {Lithos},
number = {3-4},
pages = {209--229},
publisher = {Elsevier B.V.},
title = {{Subduction styles in the Precambrian: Insight from numerical experiments}},
volume = {116},
year = {2010}
}
@article{Sobolev2005,
  title={What drives orogeny in the Andes?},
  author={Sobolev, S. V. and Babeyko, A. Y.},
  journal={Geology},
  volume={33},
  number={8},
  pages={617--620},
  year={2005},
  publisher={Geological Society of America}
}
@article{Syracuse2006,
author = {Syracuse, E. M. and Abers, G. A.},
journal = {Geochemistry, Geophysics, Geosystems},
number = {5},
title = {{Global compilation of variations in slab depth beneath arc volcanoes and implications}},
volume = {7},
year = {2006}
}
@article{Syracuse2010,
author = {Syracuse, E. M. and {van Keken}, P. E. and Abers, G. A. and Suetsugu, D. and Bina, C. R. and Inoue, T. and Wiens, D. and Jellinek, M.},
journal = {Physics of the Earth and Planetary Interiors},
number = {1-2},
pages = {73--90},
publisher = {Elsevier B.V.},
title = {{The global range of subduction zone thermal models}},
volume = {183},
year = {2010}
}
@book{Turcotte2002,
  title={Geodynamics},
  author={Turcotte, D. L. and Schubert, G.},
  year={2002},
  publisher={Cambridge university press}
}
@article{VanKeken2011,
author = {{van Keken}, P. E. and Hacker, B. R. and Syracuse, E. M. and Abers, G. A.},
journal = {Journal of Geophysical Research},
number = {B1},
pages = {B01401},
title = {{Subduction factory: 4. Depth-dependent flux of H 2 O from subducting slabs worldwide}},
volume = {116},
year = {2011}
}
@article{VanKeken2018,
author = {{van Keken}, P. E. and Wada, I. and Abers, G. A. and Hacker, B. R. and Wang, K.},
journal = {Geochemistry, Geophysics, Geosystems},
number = {9},
pages = {2934--2961},
title = {{Mafic High-Pressure Rocks Are Preferentially Exhumed From Warm Subduction Settings}},
volume = {19},
year = {2018}
}
@article{Vogt2012,
  title={Crustal growth at active continental margins: numerical modeling},
  author={Vogt, K. and Gerya, T. and Castro, A.},
  journal={Physics of the Earth and Planetary Interiors},
  volume={192},
  pages={1--20},
  year={2012},
  publisher={Elsevier}
}
@article{Wada2012,
author = {Wada, I. and Behn, M. D. and Shaw, A. M.},
journal = {Earth and Planetary Science Letters},
pages = {60--71},
publisher = {Elsevier B.V.},
title = {{Effects of heterogeneous hydration in the incoming plate, slab rehydration, and mantle wedge hydration on slab-derived H 2O flux in subduction zones}},
volume = {353-354},
year = {2012}
}
@article{Wada2009,
author = {Wada, I. and Wang, K.},
journal = {Geochemistry, Geophysics, Geosystems},
number = {10},
pages = {n/a--n/a},
title = {{Common depth of slab-mantle decoupling: Reconciling diversity and uniformity of subduction zones}},
volume = {10},
year = {2009}
}
@article{Wada2008,
author = {Wada, I. and Wang, K. and He, J. and Hyndman, R. D.},
journal = {Journal of Geophysical Research: Solid Earth},
number = {4},
pages = {1--15},
title = {{Weakening of the subduction interface and its effects on surface heat flow, slab dehydration, and mantle wedge serpentinization}},
volume = {113},
year = {2008}
}
@article{Wilson2014,
author = {Wilson, C. R. and Spiegelman, M. and {van Keken}, P. E. and Hacker, B. R.},
journal = {Earth and Planetary Science Letters},
pages = {261--274},
publisher = {Elsevier B.V.},
title = {{Fluid flow in subduction zones: The role of solid rheology and compaction pressure}},
volume = {401},
year = {2014}
}
