@article{abers2017,
  author = {Abers, G. A. and {van Keken}, P. E. and Hacker, B. R.},
  journal = {Nature Geoscience},
  number = 5,
  pages = {333--337},
  publisher = {Nature Publishing Group},
  title = {The cold and relatively dry nature of mantle forearcs in subduction zones},
  volume = 10,
  year = 2017,
}
@article{agard2018,
  author = {Agard, P. and Plunder, A. and Angiboust, S. and Bonnet, G. and Ruh, J. B.},
  journal = {Lithos},
  keywords = {Blueschist,Eclogite,Mantle wedge,Mechanical coupling,Oceanic lithosphere,Plate interface,Slab dynamics,Subduction},
  pages = {537--566},
  publisher = {Elsevier B.V.},
  title = {The subduction plate interface: Rock record and mechanical coupling (from long to short time scales)},
  volume = {320-321},
  year = 2018,
}
@article{agard2009,
  author = {Agard, P. and Yamato, P. and Jolivet, L. and Burov, E.},
  journal = {Earth-Science Reviews},
  number = {1-2},
  pages = {53--79},
  publisher = {Elsevier B.V.},
  title = {Exhumation of oceanic blueschists and eclogites in subduction zones: Timing and mechanisms},
  volume = 92,
  year = 2009,
}
@article{agard2016,
  author = {Agard, P. and Yamato, P. and Soret, M. and Prigent, C. and Guillot, S. and Plunder, A. and Dubacq, B. and Chauvet, A. and Moni{\'{e}}, P.},
  journal = {Earth and Planetary Science Letters},
  pages = {208--220},
  publisher = {Elsevier B.V.},
  title = {Plate interface rheological switches during subduction infancy: Control on slab penetration and metamorphic sole formation},
  volume = 451,
  year = 2016,
}
@article{agrusta2013,
  author = {Agrusta, R. and Arcay, D. and Tommasi, A. and Davaille, A. and Ribe, N. and Gerya, T.},
  journal = {Geophysical Journal International},
  number = 2,
  pages = {591--610},
  title = {Small-scale convection in a plume-fed low-viscosity layer beneath a moving plate},
  volume = 194,
  year = 2013,
}
@article{arcay2006,
  author = {Arcay, D. and Doin, M. P. and Tric, E. and Bousquet, R. and de Capitani, C.},
  journal = {Geochemistry, Geophysics, Geosystems},
  number = 2,
  publisher = {Wiley Online Library},
  title = {Overriding plate thinning in subduction zones: Localized convection induced by slab dehydration},
  volume = 7,
  year = 2006,
}
@article{angiboust2012a,
  author = {Angiboust, S and Langdon, R and Agard, P and Waters, D and Chopin, C},
  journal = {Journal of Metamorphic Geology},
  number = 1,
  pages = {37--61},
  publisher = {Wiley Online Library},
  title = {Eclogitization of the Monviso ophiolite (W. Alps) and implications on subduction dynamics},
  volume = 30,
  year = 2012,
}
@article{angiboust2012b,
  author = {Angiboust, Samuel and Wolf, Sylvie and Burov, Evgenii and Agard, Philippe and Yamato, Philippe},
  journal = {Earth and Planetary Science Letters},
  pages = {238--248},
  publisher = {Elsevier},
  title = {Effect of fluid circulation on subduction interface tectonic processes: Insights from thermo-mechanical numerical modelling},
  volume = 357,
  year = 2012,
}
@article{angiboust2014,
  author = {Angiboust, Samuel and Pettke, Thomas and De Hoog, Jan CM and Caron, Benoit and Oncken, Onno},
  journal = {Journal of petrology},
  number = 5,
  pages = {883--916},
  publisher = {Oxford University Press},
  title = {Channelized fluid flow and eclogite-facies metasomatism along the subduction shear zone},
  volume = 55,
  year = 2014,
}
@article{arcay2007,
  author = {Arcay, D. and Tric, E. and Doin, M. P.},
  journal = {Earth and Planetary Science Letters},
  number = {3-4},
  pages = {324--338},
  title = {Slab surface temperature in subduction zones: Influence of the interplate decoupling depth and upper plate thinning processes},
  volume = 255,
  year = 2007,
}
@article{bittner1995,
  author = {Bittner, D. and Schmeling, H.},
  journal = {Geophysical Journal International},
  number = 1,
  pages = {59--70},
  title = {Numerical Modelling of Melting Processes and Induced Diapirism In the Lower Crust},
  volume = 123,
  year = 1995,
}
@incollection{byerlee1978,
  author = {Byerlee, J.},
  number = {4-5},
  pages = {615--626},
  publisher = {Birkh{\"{a}}user Basel},
  title = {Friction of Rocks},
  volume = 116,
  year = 1978,
  booktitle = {Rock Friction and Earthquake Prediction},
  isbn = {978-3-0348-7182-2},
}
@article{burg2005,
  author = {Burg, J. P. and Gerya, T.},
  journal = {Journal of Metamorphic Geology},
  number = 2,
  pages = {75--95},
  publisher = {Wiley Online Library},
  title = {The role of viscous heating in Barrovian metamorphism of collisional orogens: thermomechanical models and application to the Lepontine Dome in the Central Alps},
  volume = 23,
  year = 2005,
}
@article{carlson2003,
  author = {Carlson, R. L. and Miller, D. J.},
  journal = {Geophysical Research Letters},
  number = 5,
  publisher = {Wiley Online Library},
  title = {Mantle wedge water contents estimated from seismic velocities in partially serpentinized peridotites},
  volume = 30,
  year = 2003,
}
@article{cizkova2013,
  author = {{\v{C}}{\'{i}}{\v{z}}kov{\'{a}}, H. and Bina, C. R.},
  journal = {Earth and Planetary Science Letters},
  pages = {95--103},
  title = {Effects of mantle and subduction-interface rheologies on slab stagnation and trench rollback},
  volume = 379,
  year = 2013,
}
@article{clauser1995,
  author = {Clauser, C. and Huenges, E.},
  journal = {Rock physics and phase relations: a handbook of physical constants},
  pages = {105--126},
  publisher = {Wiley Online Library},
  title = {Thermal conductivity of rocks and minerals},
  volume = 3,
  year = 1995,
}
@article{connolly2005,
  author = {Connolly, J. A.D.},
  journal = {Earth and Planetary Science Letters},
  number = {1-2},
  pages = {524--541},
  title = {Computation of phase equilibria by linear programming: A tool for geodynamic modeling and its application to subduction zone decarbonation},
  volume = 236,
  year = 2005,
}
@article{currie2004,
  author = {Currie, C. A. and Wang, K. and Hyndman, R. D. and He, J.},
  journal = {Earth and Planetary Science Letters},
  number = {1-2},
  pages = {35--48},
  title = {The thermal effects of steady-state slab-driven mantle flow above a subducting plate: The Cascadia subduction zone and backarc},
  volume = 223,
  year = 2004,
}
@article{currie2006,
  author = {Currie, C. A. and Hyndman, R. D.},
  journal = {Journal of Geophysical Research},
  number = {August},
  pages = {1--22},
  title = {The thermal structure of subduction zone back arcs},
  volume = 111,
  year = 2006,
}
@article{davies1999,
  author = {Davies, J. H.},
  journal = {Nature},
  number = {March},
  pages = {142--145},
  title = {The role of hydraulic fractures and intermediate depth earthquakes in generating suduction zone magmatism},
  volume = 417,
  year = 1999,
}
@article{england2004,
  author = {England, P. and Engdahl, R. and Thatcher, W.},
  journal = {Geophysical Journal International},
  number = 2,
  pages = {377--408},
  title = {Systematic variation in the depths of slabs beneath arc volcanoes},
  volume = 156,
  year = 2004,
}
@article{england2010,
  author = {England, P. and Katz, R. F.},
  journal = {Nature},
  number = 7316,
  pages = {700--703},
  publisher = {Nature Publishing Group},
  title = {Melting above the anhydrous solidus controls the location of volcanic arcs},
  volume = 467,
  year = 2010,
}
@article{faccenda2009,
  author = {Faccenda, M. and Gerya, T. and Burlini, L.},
  journal = {Nature Geoscience},
  number = 11,
  pages = {790--793},
  publisher = {Nature Publishing Group},
  title = {Deep slab hydration induced by bending-related variations in tectonic pressure},
  volume = 2,
  year = 2009,
}
@article{furlong2013,
  author = {Furlong, K. P. and Chapman, D. S.},
  journal = {Annual Review of Earth and Planetary Sciences},
  number = 1,
  pages = {385--410},
  title = {Heat Flow, Heat Generation, and the Thermal State of the Lithosphere},
  volume = 41,
  year = 2013,
}
@article{furukawa1993,
  author = {Furukawa, Y.},
  journal = {Journal of Geophysical Research},
  pages = {8309--8319},
  title = {Magmatic Processes Under Arcs and Formation of the Volcanic Front},
  volume = 98,
  year = 1993,
}
@article{gao2014,
  author = {Gao, X. and Wang, K.},
  journal = {Science},
  number = 6200,
  pages = {1038--1041},
  title = {Strength of stick-slip and creeping subduction megathrusts from heat flow observations},
  volume = 345,
  year = 2014,
}
@article{gao2017,
  author = {Gao, X. and Wang, K.},
  journal = {Nature},
  number = 7645,
  pages = {416--419},
  title = {Rheological separation of the megathrust seismogenic zone and episodic tremor and slip},
  volume = 543,
  year = 2017,
}
@article{gerya2008,
  author = {Gerya, T. and Connolly, J. A.D. and Yuen, D. A.},
  journal = {Geology},
  number = 1,
  pages = {43--46},
  title = {Why is terrestrial subduction one-sided?},
  volume = 36,
  year = 2008,
}
@article{gerya2011,
  author = {Gerya, T. and Meilick, F. I.},
  journal = {Journal of Metamorphic Geology},
  number = 1,
  pages = {7--31},
  publisher = {Wiley Online Library},
  title = {Geodynamic regimes of subduction under an active margin: effects of rheological weakening by fluids and melts},
  volume = 29,
  year = 2011,
}
@article{gerya2003,
  author = {Gerya, T. and Yuen, D. A.},
  journal = {Physics of the Earth and Planetary Interiors},
  number = 4,
  pages = {293--318},
  title = {Characteristics-based marker-in-cell method with conservative finite-differences schemes for modeling geological flows with strongly variable transport properties},
  volume = 140,
  year = 2003,
}
@article{gonzalez2016,
  author = {Gonzalez, Christopher M and Gorczyk, Weronika and Gerya, TV},
  journal = {Gondwana Research},
  pages = {314--332},
  publisher = {Elsevier},
  title = {Decarbonation of subducting slabs: Insight from petrological--thermomechanical modeling},
  volume = 36,
  year = 2016,
}
@article{gorczyk2007,
  author = {Gorczyk, W. and Willner, A. P. and Gerya, T. and Connolly, J. A.D. and Burg, J. P.},
  journal = {Physics of the Earth and Planetary Interiors},
  number = {1-4},
  pages = {209--232},
  title = {Physical controls of magmatic productivity at Pacific-type convergent margins: Numerical modelling},
  volume = 163,
  year = 2007,
}
@article{grove2012,
  author = {Grove, T. L. and Till, C. B. and Krawczynski, M. J.},
  journal = {Annual Review of Earth and Planetary Sciences},
  number = 1,
  pages = {413--439},
  title = {The Role of H 2 O in Subduction Zone Magmatism},
  volume = 40,
  year = 2012,
}
@article{hacker2003,
  author = {Hacker, B. R. and Peacock, S. M. and Abers, G. A. and Holloway, S. D.},
  journal = {Journal of Geophysical Research: Solid Earth},
  number = {b1},
  title = {Subduction factory 2. Are intermediate-depth earthquakes in subducting slabs linked to metamorphic dehydration reactions?},
  volume = 108,
  year = 2003,
}
@techreport{harlow1962,
  author = {Harlow, Francis H},
  title = {The particle-in-cell method for numerical solution of problems in fluid dynamics},
  year = 1962,
  institution = {Los Alamos Scientific Lab., N. Mex.},
}
@article{harlow1964,
  author = {Harlow, Francis H},
  journal = {Methods Comput. Phys.},
  pages = {319--343},
  title = {The particle-in-cell computing method for fluid dynamics},
  volume = 3,
  year = 1964,
}
@article{hilairet2007,
  author = {Hilairet, N. and Reynard, B. and Wang, Y. and Daniel, I. and Merkel, S. and Nishiyama, N. and Petitgirard, S.},
  journal = {Science},
  number = 5858,
  pages = {1910--1913},
  publisher = {American Association for the Advancement of Science},
  title = {High-pressure creep of serpentine, interseismic deformation, and initiation of subduction},
  volume = 318,
  year = 2007,
}
@article{hirauchi2010,
  author = {Hirauchi, Ken-ichi and Katayama, Ikuo and Uehara, Seiichiro and Miyahara, Masaaki and Takai, Yasuhiro},
  journal = {Earth and Planetary Science Letters},
  number = {3-4},
  pages = {349--357},
  publisher = {Elsevier},
  title = {Inhibition of subduction thrust earthquakes by low-temperature plastic flow in serpentine},
  volume = 295,
  year = 2010,
}
@article{hyndman2003,
  author = {Hyndman, R. D. and Peacock, S. M.},
  journal = {Earth and Planetary Science Letters},
  number = {3-4},
  pages = {417--432},
  publisher = {Elsevier},
  title = {Serpentinization of the forearc mantle},
  volume = 212,
  year = 2003,
}
@article{ito1971,
  author = {Ito, Keisuke and Kennedy, George C},
  journal = {The structure and physical properties of the Earth's crust},
  pages = {303--314},
  publisher = {Wiley Online Library},
  title = {An experimental study of the basalt-garnet granulite-eclogite transition},
  volume = 14,
  year = 1971,
}
@article{jull2001,
  author = {Jull, M. and Kelemen, P. B.},
  journal = {Journal of Geophysical Research: Solid Earth},
  number = {b4},
  pages = {6423--6446},
  publisher = {Wiley Online Library},
  title = {On the conditions for lower crustal convective instability},
  volume = 106,
  year = 2001,
}
@article{karato1993,
  author = {Karato, S. and Wu, P.},
  journal = {Science},
  number = 5109,
  pages = {771--778},
  publisher = {American Association for the Advancement of Science},
  title = {Rheology of the upper mantle: A synthesis},
  volume = 260,
  year = 1993,
}
@article{mckenzie1969,
  author = {McKenzie, D. P.},
  journal = {Geophysical Journal International},
  number = 1,
  pages = {1--32},
  title = {Speculations on the Consequences and Causes of Plate Motions},
  volume = 18,
  year = 1969,
}
@book{patankar2018,
  author = {Patankar, S.},
  publisher = {Taylor \& Francis},
  title = {Numerical heat transfer and fluid flow},
  year = 2018,
}
@article{peacock1990,
  author = {Peacock, S. M.},
  journal = {Science},
  number = 4953,
  pages = {329--337},
  publisher = {American Association for the Advancement of Science},
  title = {Fluid processes in subduction zones},
  volume = 248,
  year = 1990,
}
@article{peacock1991,
  author = {Peacock, S. M.},
  journal = {Philosophical Transactions of the Royal Society of London. Series A: Physical and Engineering Sciences},
  number = 1638,
  pages = {341--353},
  publisher = {The Royal Society London},
  title = {Numerical simulation of subduction zone pressure-temperature-time paths: constraints on fluid production and arc magmatism},
  volume = 335,
  year = 1991,
}
@article{peacock1993,
  author = {Peacock, S. M.},
  journal = {Geological Society of America Bulletin},
  number = 5,
  pages = {684--694},
  publisher = {Geological Society of America},
  title = {The importance of blueschist $\rightarrow$ eclogite dehydration reactions in subducting oceanic crust},
  volume = 105,
  year = 1993,
}
@article{peacock1994,
  author = {Peacock, S. M. and Rushmer, T. and Thompson, A. B.},
  journal = {Earth and planetary science letters},
  number = {1-2},
  pages = {227--244},
  publisher = {Elsevier},
  title = {Partial melting of subducting oceanic crust},
  volume = 121,
  year = 1994,
}
@article{peacock1996,
  author = {Peacock, S. M.},
  journal = {Subduction: top to bottom},
  pages = {119--133},
  publisher = {Wiley Online Library},
  title = {Thermal and petrologic structure of subduction zones},
  volume = 96,
  year = 1996,
}
@article{peacock1999a,
  author = {Peacock, S. M. and Hyndman, R. D.},
  journal = {Geophysical Research Letters},
  number = {No. 16},
  pages = {2517--2520},
  title = {Hydrous minerals in the mantle wedge and the maximum depth of subduction thrust earthquakes},
  volume = 26,
  year = 1999,
}
@article{peacock1999b,
  author = {Peacock, S. M. and Wang, K.},
  journal = {Science},
  number = 5441,
  pages = {937--939},
  publisher = {American Association for the Advancement of Science},
  title = {Seismic consequences of warm versus cool subduction metamorphism: Examples from southwest and northeast Japan},
  volume = 286,
  year = 1999,
}
@article{penniston2015,
  author = {Penniston-Dorland, S. C. and Kohn, M. J. and Manning, C. E.},
  journal = {Earth and Planetary Science Letters},
  pages = {243--254},
  publisher = {Elsevier},
  title = {The global range of subduction zone thermal structures from exhumed blueschists and eclogites: Rocks are hotter than models},
  volume = 428,
  year = 2015,
}
@article{plumper2017,
  author = {Pl{\"u}mper, Oliver and John, Timm and Podladchikov, Yuri Y and Vrijmoed, Johannes C and Scambelluri, Marco},
  journal = {Nature Geoscience},
  number = 2,
  pages = {150--156},
  publisher = {Nature Publishing Group},
  title = {Fluid escape from subduction zones controlled by channel-forming reactive porosity},
  volume = 10,
  year = 2017,
}
@book{ranalli1995,
  author = {Ranalli, G.},
  publisher = {Springer Science \& Business Media},
  title = {Rheology of the Earth},
  year = 1995,
}
@article{reesjones2018,
  author = {Rees Jones, D. W. and Katz, R. F. and Tian, M. and Rudge, J. F.},
  journal = {Earth and Planetary Science Letters},
  pages = {73--79},
  publisher = {Elsevier B.V.},
  title = {Thermal impact of magmatism in subduction zones},
  volume = 481,
  year = 2018,
}
@article{reynard2013,
  author = {Reynard, B.},
  journal = {Lithos},
  pages = {171--185},
  publisher = {Elsevier B.V.},
  title = {Serpentine in active subduction zones},
  volume = 178,
  year = 2013,
}
@article{rudnick1998,
  author = {Rudnick, R. L. and McDonough, W. F. and O{\&}apos;Connell, R. J.},
  journal = {Chemical Geology},
  number = {3-4},
  pages = {395--411},
  title = {Thermal structure, thickness and composition of continental lithosphere},
  volume = 145,
  year = 1998,
}
@article{ruh2015,
  author = {Ruh, J. B. and Le Pourhiet, L. and Agard, P. and Burov, E. and Gerya, T.},
  journal = {Geochemistry, Geophysics, Geosystems},
  number = 10,
  pages = {3505--3531},
  title = {Tectonic slicing of subducting oceanic crust along plate interfaces: Numerical modeling},
  volume = 16,
  year = 2015,
}
@article{schmidt1998,
  author = {Schmidt, M. W. and Poli, S.},
  journal = {Earth and Planetary Science Letters},
  number = {1-4},
  pages = {361--379},
  title = {Experimentally based water budgets for dehydrating slabs and consequences for arc magma generation},
  volume = 163,
  year = 1998,
}
@article{shen2015,
  author = {Shen, T. and Hermann, J. and Zhang, L. and L{\"u}, Z. and Padr{\'o}n-Navarta, J. A. and Xia, B. and Bader, T.},
  journal = {Journal of Petrology},
  number = 7,
  pages = {1425--1458},
  publisher = {Oxford University Press},
  title = {UHP metamorphism documented in Ti-chondrodite-and Ti-clinohumite-bearing serpentinized ultramafic rocks from Chinese southwestern Tianshan},
  volume = 56,
  year = 2015,
}
@article{sizova2010,
  author = {Sizova, E. and Gerya, T. and Brown, M. and Perchuk, L. L.},
  journal = {Lithos},
  number = {3-4},
  pages = {209--229},
  publisher = {Elsevier B.V.},
  title = {Subduction styles in the Precambrian: Insight from numerical experiments},
  volume = 116,
  year = 2010,
}
@article{sobolev2005,
  author = {Sobolev, S. V. and Babeyko, A. Y.},
  journal = {Geology},
  number = 8,
  pages = {617--620},
  publisher = {Geological Society of America},
  title = {What drives orogeny in the Andes?},
  volume = 33,
  year = 2005,
}
@article{syracuse2006,
  author = {Syracuse, E. M. and Abers, G. A.},
  journal = {Geochemistry, Geophysics, Geosystems},
  number = 5,
  title = {Global compilation of variations in slab depth beneath arc volcanoes and implications},
  volume = 7,
  year = 2006,
}
@article{syracuse2010,
  author = {Syracuse, E. M. and {van Keken}, P. E. and Abers, G. A. and Suetsugu, D. and Bina, C. R. and Inoue, T. and Wiens, D. and Jellinek, M.},
  journal = {Physics of the Earth and Planetary Interiors},
  number = {1-2},
  pages = {73--90},
  publisher = {Elsevier B.V.},
  title = {The global range of subduction zone thermal models},
  volume = 183,
  year = 2010,
}
@book{turcotte2002,
  author = {Turcotte, D. L. and Schubert, G.},
  publisher = {Cambridge university press},
  title = {Geodynamics},
  year = 2002,
}
@article{vankeken2011,
  author = {{van Keken}, P. E. and Hacker, B. R. and Syracuse, E. M. and Abers, G. A.},
  journal = {Journal of Geophysical Research},
  number = {b1},
  pages = {b01401},
  title = {Subduction factory: 4. Depth-dependent flux of H 2 O from subducting slabs worldwide},
  volume = 116,
  year = 2011,
}
@article{vankeken2018,
  author = {{van Keken}, P. E. and Wada, I. and Abers, G. A. and Hacker, B. R. and Wang, K.},
  journal = {Geochemistry, Geophysics, Geosystems},
  number = 9,
  pages = {2934--2961},
  title = {Mafic High-Pressure Rocks Are Preferentially Exhumed From Warm Subduction Settings},
  volume = 19,
  year = 2018,
}
@article{vogt2012,
  author = {Vogt, K. and Gerya, T. and Castro, A.},
  journal = {Physics of the Earth and Planetary Interiors},
  pages = {1--20},
  publisher = {Elsevier},
  title = {Crustal growth at active continental margins: numerical modeling},
  volume = 192,
  year = 2012,
}
@article{wada2012,
  author = {Wada, I. and Behn, M. D. and Shaw, A. M.},
  journal = {Earth and Planetary Science Letters},
  pages = {60--71},
  publisher = {Elsevier B.V.},
  title = {Effects of heterogeneous hydration in the incoming plate, slab rehydration, and mantle wedge hydration on slab-derived H 2O flux in subduction zones},
  volume = {353-354},
  year = 2012,
}
@article{wada2009,
  author = {Wada, I. and Wang, K.},
  journal = {Geochemistry, Geophysics, Geosystems},
  number = 10,
  pages = {n/a--n/a},
  title = {Common depth of slab-mantle decoupling: Reconciling diversity and uniformity of subduction zones},
  volume = 10,
  year = 2009,
}
@article{wada2008,
  author = {Wada, I. and Wang, K. and He, J. and Hyndman, R. D.},
  journal = {Journal of Geophysical Research: Solid Earth},
  number = 4,
  pages = {1--15},
  title = {Weakening of the subduction interface and its effects on surface heat flow, slab dehydration, and mantle wedge serpentinization},
  volume = 113,
  year = 2008,
}
@article{wilson2014,
  author = {Wilson, C. R. and Spiegelman, M. and {van Keken}, P. E. and Hacker, B. R.},
  journal = {Earth and Planetary Science Letters},
  pages = {261--274},
  publisher = {Elsevier B.V.},
  title = {Fluid flow in subduction zones: The role of solid rheology and compaction pressure},
  volume = 401,
  year = 2014,
}
@article{zack2007,
  author = {Zack, Thomas and John, Timm},
  journal = {Chemical Geology},
  number = {3-4},
  pages = {199--216},
  publisher = {Elsevier},
  title = {An evaluation of reactive fluid flow and trace element mobility in subducting slabs},
  volume = 239,
  year = 2007,
}

