@article{fourier1827,
  title = {M\'{e}moire sur les temp\'{e}ratures du globe terrestre et des espaces plan\'{e}taires},
  author = {Fourier, J.},
  year = 1827,
  journal = {M\'{e}moires de l'Acad\'{e}mie Royale des Sciences de l'Institut de France},
  volume = 7,
  pages = {570--604}
}
@article{krige1951,
  title = {A statistical approach to some basic mine valuation problems on the Witwatersrand},
  author = {Krige, D.},
  year = 1951,
  journal = {Journal of the Southern African Institute of Mining and Metallurgy},
  publisher = {Southern African Institute of Mining and Metallurgy},
  volume = 52,
  number = 6,
  pages = {119--139}
}
@techreport{harlow1962,
  title = {The particle-in-cell method for numerical solution of problems in fluid dynamics},
  author = {Harlow, F.},
  year = 1962,
  institution = {Los Alamos Scientific Lab., N. Mex.}
}
@article{matheron1963,
  title = {Principles of geostatistics},
  author = {Matheron, G.},
  year = 1963,
  journal = {Economic geology},
  publisher = {Society of Economic Geologists},
  volume = 58,
  number = 8,
  pages = {1246--1266}
}
@article{harlow1964,
  title = {The particle-in-cell computing method for fluid dynamics},
  author = {Harlow, F.},
  year = 1964,
  journal = {Methods Comput. Phys.},
  volume = 3,
  pages = {319--343}
}
@article{lee1965,
  title = {Review of heat flow data},
  author = {Lee, W. and Uyeda, S.},
  year = 1965,
  journal = {Terrestrial heat flow},
  publisher = {Wiley Online Library},
  volume = 8,
  pages = {87--190}
}
@article{wilson1966,
  title = {Did the Atlantic close and then re-open?},
  author = {Wilson, J.},
  year = 1966,
  journal = {Nature},
  publisher = {Springer},
  volume = 211,
  number = 5050,
  pages = {676--681}
}
@article{mckenzie1969,
  title = {Speculations on the consequences and causes of plate motions},
  author = {McKenzie, D.},
  year = 1969,
  journal = {Geophysical Journal International},
  publisher = {Blackwell Publishing Ltd Oxford, UK},
  volume = 18,
  number = 1,
  pages = {1--32}
}
@article{sclater1970,
  title = {The implications of terrestrial heat flow observations on current tectonic and geochemical models of the crust and upper mantle of the earth},
  author = {Sclater, J. and Francheteau, J.},
  year = 1970,
  journal = {Geophysical Journal International},
  publisher = {Blackwell Publishing Ltd Oxford, UK},
  volume = 20,
  number = 5,
  pages = {509--542}
}
@article{ito1971,
  title = {An experimental study of the basalt-garnet granulite-eclogite transition},
  author = {Ito, K. and Kennedy, G.},
  year = 1971,
  journal = {The structure and physical properties of the Earth's crust},
  publisher = {Wiley Online Library},
  volume = 14,
  pages = {303--314}
}
@article{chapman1975,
  title = {Global heat flow: a new look},
  author = {Chapman, D. and Pollack, H.},
  year = 1975,
  journal = {Earth and Planetary Science Letters},
  publisher = {Elsevier},
  volume = 28,
  number = 1,
  pages = {23--32}
}
@article{parsons1977,
  title = {An analysis of the variation of ocean floor bathymetry and heat flow with age},
  author = {Parsons, B. and Sclater, J.},
  year = 1977,
  journal = {Journal of geophysical research},
  publisher = {Wiley Online Library},
  volume = 82,
  number = 5,
  pages = {803--827}
}
@article{pollack1977,
  title = {On the regional variation of heat flow, geotherms, and lithospheric thickness},
  author = {Pollack, H. and Chapman, D.},
  year = 1977,
  journal = {Tectonophysics},
  publisher = {Elsevier},
  volume = 38,
  number = {3-4},
  pages = {279--296}
}
@incollection{byerlee1978,
  title = {Friction of Rocks},
  author = {Byerlee, J.},
  year = 1978,
  booktitle = {Rock Friction and Earthquake Prediction},
  publisher = {Birkh{\"{a}}user Basel},
  volume = 116,
  number = {4-5},
  pages = {615--626},
  isbn = {978-3-0348-7182-2}
}
@article{goldberg1989,
  title = {Genetic algorithms in search},
  author = {Goldberg, D.},
  year = 1989,
  journal = {Optimization, and MachineLearning},
  publisher = {Addison Wesley Publishing Co. Inc.}
}
@article{peacock1990,
  title = {Fluid processes in subduction zones},
  author = {Peacock, S.},
  year = 1990,
  journal = {Science},
  publisher = {American Association for the Advancement of Science},
  volume = 248,
  number = 4953,
  pages = {329--337}
}
@article{peacock1991,
  title = {Numerical simulation of subduction zone pressure-temperature-time paths: constraints on fluid production and arc magmatism},
  author = {Peacock, S.},
  year = 1991,
  journal = {Philosophical Transactions of the Royal Society of London. Series A: Physical and Engineering Sciences},
  publisher = {The Royal Society London},
  volume = 335,
  number = 1638,
  pages = {341--353}
}
@article{stein1992,
  title = {A model for the global variation in oceanic depth and heat flow with lithospheric age},
  author = {Stein, C. and Stein, S.},
  year = 1992,
  journal = {Nature},
  publisher = {Nature Publishing Group},
  volume = 359,
  number = 6391,
  pages = {123--129}
}
@article{furukawa1993,
  title = {Depth of the decoupling plate interface and thermal structure under arcs},
  author = {Furukawa, Y.},
  year = 1993,
  journal = {Journal of Geophysical Research: Solid Earth},
  publisher = {Wiley Online Library},
  volume = 98,
  number = {B11},
  pages = {20005--20013}
}
@article{karato1993,
  title = {Rheology of the upper mantle: A synthesis},
  author = {Karato, S. and Wu, P.},
  year = 1993,
  journal = {Science},
  publisher = {American Association for the Advancement of Science},
  volume = 260,
  number = 5109,
  pages = {771--778}
}
@article{peacock1993,
  title = {The importance of blueschist $\rightarrow$ eclogite dehydration reactions in subducting oceanic crust},
  author = {Peacock, S.},
  year = 1993,
  journal = {Geological Society of America Bulletin},
  publisher = {Geological Society of America},
  volume = 105,
  number = 5,
  pages = {684--694}
}
@article{pollack1993,
  title = {Heat flow from the Earth's interior: analysis of the global data set},
  author = {Pollack, H. and Hurter, S. and Johnson, J.},
  year = 1993,
  journal = {Reviews of Geophysics},
  publisher = {Wiley Online Library},
  volume = 31,
  number = 3,
  pages = {267--280}
}
@article{peacock1994,
  title = {Partial melting of subducting oceanic crust},
  author = {Peacock, S. and Rushmer, T. and Thompson, A.},
  year = 1994,
  journal = {Earth and planetary science letters},
  publisher = {Elsevier},
  volume = 121,
  number = {1-2},
  pages = {227--244}
}
@article{stein1994,
  title = {Constraints on hydrothermal heat flux through the oceanic lithosphere from global heat flow},
  author = {Stein, C. and Stein, S.},
  year = 1994,
  journal = {Journal of Geophysical Research: Solid Earth},
  publisher = {Wiley Online Library},
  volume = 99,
  number = {B2},
  pages = {3081--3095}
}
@article{bittner1995,
  title = {Numerical Modelling of Melting Processes and Induced Diapirism In the Lower Crust},
  author = {Bittner, D. and Schmeling, H.},
  year = 1995,
  journal = {Geophysical Journal International},
  volume = 123,
  number = 1,
  pages = {59--70}
}
@article{clauser1995,
  title = {Thermal conductivity of rocks and minerals},
  author = {Clauser, C. and Huenges, E.},
  year = 1995,
  journal = {Rock physics and phase relations: a handbook of physical constants},
  publisher = {Wiley Online Library},
  volume = 3,
  pages = {105--126}
}
@book{ranalli1995,
  title = {Rheology of the Earth},
  author = {Ranalli, G.},
  year = 1995,
  publisher = {Springer Science \& Business Media}
}
@article{peacock1996,
  title = {Thermal and petrologic structure of subduction zones},
  author = {Peacock, S.},
  year = 1996,
  journal = {Subduction: top to bottom},
  publisher = {Wiley Online Library},
  volume = 96,
  pages = {119--133}
}
@article{bardossy1997,
  title = {Introduction to geostatistics},
  author = {B\'{a}rdossy, Andr\'{a}s},
  year = 1997,
  journal = {Institute of Hydraulic Engineering, University of Stuttgart}
}
@techreport{coffin1997,
  title = {Present-day plate boundary digital data compilation},
  author = {Coffin, M. and Gahagan, L. and Lawver, L.},
  year = 1997,
  institution = {Institute for Geophysics}
}
@book{goovaerts1997,
  title = {Geostatistics for natural resources evaluation},
  author = {Goovaerts, P.},
  year = 1997,
  publisher = {Oxford University Press on Demand}
}
@article{engdahl1998,
  title = {Global teleseismic earthquake relocation with improved travel times and procedures for depth determination},
  author = {Engdahl, E. and {van der Hilst}, R. and Buland, R.},
  year = 1998,
  journal = {Bulletin of the Seismological Society of America},
  publisher = {The Seismological Society of America},
  volume = 88,
  number = 3,
  pages = {722--743}
}
@article{rudnick1998,
  title = {Thermal structure, thickness and composition of continental lithosphere},
  author = {Rudnick, R. and McDonough, W. and O'Connell, R.},
  year = 1998,
  journal = {Chemical Geology},
  publisher = {Elsevier},
  volume = 145,
  number = {3-4},
  pages = {395--411}
}
@article{schmidt1998,
  title = {Experimentally based water budgets for dehydrating slabs and consequences for arc magma generation},
  author = {Schmidt, M. and Poli, S.},
  year = 1998,
  journal = {Earth and Planetary Science Letters},
  volume = 163,
  number = {1-4},
  pages = {361--379}
}
@article{davies1999,
  title = {The role of hydraulic fractures and intermediate depth earthquakes in generating suduction zone magmatism},
  author = {Davies, J.},
  year = 1999,
  journal = {Nature},
  volume = 417,
  number = {March},
  pages = {142--145}
}
@article{peacock1999a,
  title = {Hydrous minerals in the mantle wedge and the maximum depth of subduction thrust earthquakes},
  author = {Peacock, S. and Hyndman, R.},
  year = 1999,
  journal = {Geophysical Research Letters},
  volume = 26,
  number = {No. 16},
  pages = {2517--2520}
}
@article{peacock1999b,
  title = {Seismic consequences of warm versus cool subduction metamorphism: Examples from southwest and northeast Japan},
  author = {Peacock, S. and Wang, K.},
  year = 1999,
  journal = {Science},
  publisher = {American Association for the Advancement of Science},
  volume = 286,
  number = 5441,
  pages = {937--939}
}
@article{jull2001,
  title = {On the conditions for lower crustal convective instability},
  author = {Jull, M. and Kelemen, P.},
  year = 2001,
  journal = {Journal of Geophysical Research: Solid Earth},
  publisher = {Wiley Online Library},
  volume = 106,
  number = {b4},
  pages = {6423--6446}
}
@book{turcotte2002,
  title = {Geodynamics},
  author = {Turcotte, D. and Schubert, G.},
  year = 2002,
  publisher = {Cambridge university press}
}
@article{bird2003,
  title = {An updated digital model of plate boundaries},
  author = {Bird, P.},
  year = 2003,
  journal = {Geochemistry, Geophysics, Geosystems},
  publisher = {Wiley Online Library},
  volume = 4,
  number = 3
}
@article{carlson2003,
  title = {Mantle wedge water contents estimated from seismic velocities in partially serpentinized peridotites},
  author = {Carlson, R. and Miller, D.},
  year = 2003,
  journal = {Geophysical Research Letters},
  publisher = {Wiley Online Library},
  volume = 30,
  number = 5
}
@article{gerya2003,
  title = {Characteristics-based marker-in-cell method with conservative finite-differences schemes for modeling geological flows with strongly variable transport properties},
  author = {Gerya, T. and Yuen, D.},
  year = 2003,
  journal = {Physics of the Earth and Planetary Interiors},
  volume = 140,
  number = 4,
  pages = {293--318}
}
@article{hacker2003,
  title = {Subduction factory 1. Theoretical mineralogy, densities, seismic wave speeds, and $H_2O$ contents},
  author = {Hacker, B. and Abers, G. and Peacock, S.},
  year = 2003,
  journal = {Journal of Geophysical Research: Solid Earth},
  publisher = {Wiley Online Library},
  volume = 108,
  number = {B1}
}
@article{hyndman2003,
  title = {Serpentinization of the forearc mantle},
  author = {Hyndman, R. and Peacock, S.},
  year = 2003,
  journal = {Earth and Planetary Science Letters},
  publisher = {Elsevier},
  volume = 212,
  number = {3-4},
  pages = {417--432}
}
@article{currie2004,
  title = {The thermal effects of steady-state slab-driven mantle flow above a subducting plate: the Cascadia subduction zone and backarc},
  author = {Currie, C. and Wang, K. and Hyndman, R. and He, J.},
  year = 2004,
  journal = {Earth and Planetary Science Letters},
  publisher = {Elsevier},
  volume = 223,
  number = {1-2},
  pages = {35--48}
}
@article{pebesma2004,
  title = {Multivariable geostatistics in {S}: the gstat package},
  author = {Edzer Pebesma},
  year = 2004,
  journal = {Computers \& Geosciences},
  volume = 30,
  pages = {683--691}
}
@article{england2004,
  title = {Systematic variation in the depths of slabs beneath arc volcanoes},
  author = {England, P. and Engdahl, R. and Thatcher, W.},
  year = 2004,
  journal = {Geophysical Journal International},
  publisher = {Blackwell Science Ltd Oxford, UK},
  volume = 156,
  number = 2,
  pages = {377--408}
}
@article{goodchild2004,
  title = {The validity and usefulness of laws in geographic information science and geography},
  author = {Goodchild, M.},
  year = 2004,
  journal = {Annals of the Association of American Geographers},
  publisher = {Taylor \& Francis},
  volume = 94,
  number = 2,
  pages = {300--303}
}
@article{shapiro2004,
  title = {Inferring surface heat flux distributions guided by a global seismic model: particular application to Antarctica},
  author = {Shapiro, N. and Ritzwoller, M.},
  year = 2004,
  journal = {Earth and Planetary Science Letters},
  publisher = {Elsevier},
  volume = 223,
  number = {1-2},
  pages = {213--224}
}
@article{burg2005,
  title = {The role of viscous heating in Barrovian metamorphism of collisional orogens: thermomechanical models and application to the Lepontine Dome in the Central Alps},
  author = {Burg, J. and Gerya, T.},
  year = 2005,
  journal = {Journal of Metamorphic Geology},
  publisher = {Wiley Online Library},
  volume = 23,
  number = 2,
  pages = {75--95}
}
@article{connolly2005,
  title = {Computation of phase equilibria by linear programming: A tool for geodynamic modeling and its application to subduction zone decarbonation},
  author = {Connolly, J.},
  year = 2005,
  journal = {Earth and Planetary Science Letters},
  volume = 236,
  number = {1-2},
  pages = {524--541}
}
@article{hyndman2005,
  title = {Subduction zone backarcs, mobile belts, and orogenic heat},
  author = {Hyndman, R. and Currie, C. and Mazzotti, S.},
  year = 2005,
  journal = {GSA Today},
  volume = 15,
  number = 2,
  pages = {4--10}
}
@article{sobolev2005,
  title = {What drives orogeny in the Andes?},
  author = {Sobolev, S. and Babeyko, A.},
  year = 2005,
  journal = {Geology},
  publisher = {Geological Society of America},
  volume = 33,
  number = 8,
  pages = {617--620}
}
@article{arcay2006,
  title = {Overriding plate thinning in subduction zones: Localized convection induced by slab dehydration},
  author = {Arcay, D. and Doin, M. and Tric, E. and Bousquet, R. and {de Capitani}, C.},
  year = 2006,
  journal = {Geochemistry, Geophysics, Geosystems},
  publisher = {Wiley Online Library},
  volume = 7,
  number = 2
}
@article{currie2006,
  title = {The thermal structure of subduction zone back arcs},
  author = {Currie, C. and Hyndman, R.},
  year = 2006,
  journal = {Journal of Geophysical Research: Solid Earth},
  publisher = {Wiley Online Library},
  volume = 111,
  number = {B8},
  pages = {1--22}
}
@article{syracuse2006,
  title = {Global compilation of variations in slab depth beneath arc volcanoes and implications},
  author = {Syracuse, E. and Abers, G.},
  year = 2006,
  journal = {Geochemistry, Geophysics, Geosystems},
  publisher = {Wiley Online Library},
  volume = 7,
  number = 5
}
@article{arcay2007,
  title = {Slab surface temperature in subduction zones: Influence of the interplate decoupling depth and upper plate thinning processes},
  author = {Arcay, D. and Tric, E. and Doin, M.},
  year = 2007,
  journal = {Earth and Planetary Science Letters},
  volume = 255,
  number = {3-4},
  pages = {324--338}
}
@article{gorczyk2007,
  title = {Physical controls of magmatic productivity at Pacific-type convergent margins: Numerical modelling},
  author = {Gorczyk, W. and Willner, A. and Gerya, T. and Connolly, J. and Burg, J.},
  year = 2007,
  journal = {Physics of the Earth and Planetary Interiors},
  volume = 163,
  number = {1-4},
  pages = {209--232}
}
@article{hilairet2007,
  title = {High-pressure creep of serpentine, interseismic deformation, and initiation of subduction},
  author = {Hilairet, N. and Reynard, B. and Wang, Y. and Daniel, I. and Merkel, S. and Nishiyama, N. and Petitgirard, S.},
  year = 2007,
  journal = {Science},
  publisher = {American Association for the Advancement of Science},
  volume = 318,
  number = 5858,
  pages = {1910--1913}
}
@article{zack2007,
  title = {An evaluation of reactive fluid flow and trace element mobility in subducting slabs},
  author = {Zack, T. and John, T.},
  year = 2007,
  journal = {Chemical Geology},
  publisher = {Elsevier},
  volume = 239,
  number = {3-4},
  pages = {199--216}
}
@article{gerya2008,
  title = {Why is terrestrial subduction one-sided?},
  author = {Gerya, T. and Connolly, J. and Yuen, D.},
  year = 2008,
  journal = {Geology},
  publisher = {Geological Society of America},
  volume = 36,
  number = 1,
  pages = {43--46}
}
@inproceedings{hasterok2008,
  title = {Global heat flow: a new database and a new approach},
  author = {Hasterok, D. and Chapman, D.},
  year = 2008,
  booktitle = {AGU Fall Meeting Abstracts},
  volume = 2008,
  pages = {T21c--1985}
}
@article{wada2008,
  title = {Weakening of the subduction interface and its effects on surface heat flow, slab dehydration, and mantle wedge serpentinization},
  author = {Wada, I. and Wang, K. and He, J. and Hyndman, R.},
  year = 2008,
  journal = {Journal of Geophysical Research: Solid Earth},
  volume = 113,
  number = 4,
  pages = {1--15}
}
@article{agard2009,
  title = {Exhumation of oceanic blueschists and eclogites in subduction zones: timing and mechanisms},
  author = {Agard, P. and Yamato, P. and Jolivet, L. and Burov, E.},
  year = 2009,
  journal = {Earth-Science Reviews},
  publisher = {Elsevier},
  volume = 92,
  number = {1-2},
  pages = {53--79}
}
@book{chiles2009,
  title = {Geostatistics: modeling spatial uncertainty},
  author = {Chiles, J.P. and Delfiner, P.},
  year = 2009,
  publisher = {John Wiley \& Sons},
  volume = 497
}
@article{faccenda2009,
  title = {Deep slab hydration induced by bending-related variations in tectonic pressure},
  author = {Faccenda, M. and Gerya, T. and Burlini, L.},
  year = 2009,
  journal = {Nature Geoscience},
  publisher = {Nature Publishing Group},
  volume = 2,
  number = 11,
  pages = {790--793}
}
@article{grove2009,
  title = {Kinematic variables and water transport control the formation and location of arc volcanoes},
  author = {Grove, T. and Till, C. and Lev, E. and Chatterjee, N. and M\'{e}dard, E.},
  year = 2009,
  journal = {Nature},
  publisher = {Nature Publishing Group},
  volume = 459,
  number = 7247,
  pages = {694--697}
}
@article{wada2009,
  title = {Common depth of slab-mantle decoupling: Reconciling diversity and uniformity of subduction zones},
  author = {Wada, I. and Wang, K.},
  year = 2009,
  journal = {Geochemistry, Geophysics, Geosystems},
  publisher = {Wiley Online Library},
  volume = 10,
  number = 10
}
@article{england2010,
  title = {Melting above the anhydrous solidus controls the location of volcanic arcs},
  author = {England, P. and Katz, R.},
  year = 2010,
  journal = {Nature},
  publisher = {Nature Publishing Group},
  volume = 467,
  number = 7316,
  pages = {700--703}
}
@article{hirauchi2010,
  title = {Inhibition of subduction thrust earthquakes by low-temperature plastic flow in serpentine},
  author = {Hirauchi, K. and Katayama, I. and Uehara, S. and Miyahara, M. and Takai, Y.},
  year = 2010,
  journal = {Earth and Planetary Science Letters},
  publisher = {Elsevier},
  volume = 295,
  number = {3-4},
  pages = {349--357}
}
@article{sizova2010,
  title = {Subduction styles in the Precambrian: Insight from numerical experiments},
  author = {Sizova, E. and Gerya, T. and Brown, M. and Perchuk, L.},
  year = 2010,
  journal = {Lithos},
  publisher = {Elsevier B.V.},
  volume = 116,
  number = {3-4},
  pages = {209--229}
}
@article{syracuse2010,
  title = {The global range of subduction zone thermal models},
  author = {Syracuse, E. and {van Keken}, P. and Abers, G. and Suetsugu, D. and Bina, C. and Inoue, T. and Wiens, D. and Jellinek, M.},
  year = 2010,
  journal = {Physics of the Earth and Planetary Interiors},
  publisher = {Elsevier B.V.},
  volume = 183,
  number = {1-2},
  pages = {73--90}
}
@article{vankeken2011,
  title = {Subduction factory: 4. Depth-dependent flux of $H_2O$ from subducting slabs worldwide},
  author = {{van Keken}, P. and Hacker, B. and Syracuse, E. and Abers, G.},
  year = 2011,
  journal = {Journal of Geophysical Research},
  volume = 116,
  number = {b1},
  pages = {b01401}
}
@article{gerya2011,
  title = {Geodynamic regimes of subduction under an active margin: effects of rheological weakening by fluids and melts},
  author = {Gerya, T. and Meilick, F.},
  year = 2011,
  journal = {Journal of Metamorphic Geology},
  publisher = {Wiley Online Library},
  volume = 29,
  number = 1,
  pages = {7--31}
}
@article{goutorbe2011,
  title = {Global heat flow trends resolved from multiple geological and geophysical proxies},
  author = {Goutorbe, B. and Poort, J. and Lucazeau, F. and Raillard, S.},
  year = 2011,
  journal = {Geophysical Journal International},
  publisher = {Blackwell Publishing Ltd Oxford, UK},
  volume = 187,
  number = 3,
  pages = {1405--1419}
}
@article{hasterok2011,
  title = {Oceanic heat flow: Implications for global heat loss},
  author = {Hasterok, D. and Chapman, D. and Davis, E.},
  year = 2011,
  journal = {Earth and Planetary Science Letters},
  publisher = {Elsevier},
  volume = 311,
  number = {3-4},
  pages = {386--395}
}
@article{angiboust2012a,
  title = {Eclogitization of the Monviso ophiolite (W. Alps) and implications on subduction dynamics},
  author = {Angiboust, S. and Langdon, R. and Agard, P. and Waters, D. and Chopin, C.},
  year = 2012,
  journal = {Journal of Metamorphic Geology},
  publisher = {Wiley Online Library},
  volume = 30,
  number = 1,
  pages = {37--61}
}
@article{angiboust2012b,
  title = {Effect of fluid circulation on subduction interface tectonic processes: Insights from thermo-mechanical numerical modelling},
  author = {Angiboust, S. and Wolf, S. and Burov, E. and Agard, P. and Yamato, P.},
  year = 2012,
  journal = {Earth and Planetary Science Letters},
  publisher = {Elsevier},
  volume = 357,
  pages = {238--248}
}
@article{grove2012,
  title = {The Role of $H_2O$ in Subduction Zone Magmatism},
  author = {Grove, T. and Till, C. and Krawczynski, M.},
  year = 2012,
  journal = {Annual Review of Earth and Planetary Sciences},
  volume = 40,
  number = 1,
  pages = {413--439}
}
@article{vogt2012,
  title = {Crustal growth at active continental margins: numerical modeling},
  author = {Vogt, K. and Gerya, T. and Castro, A.},
  year = 2012,
  journal = {Physics of the Earth and Planetary Interiors},
  publisher = {Elsevier},
  volume = 192,
  pages = {1--20}
}
@article{wada2012,
  title = {Effects of heterogeneous hydration in the incoming plate, slab rehydration, and mantle wedge hydration on slab-derived $H_2O$ flux in subduction zones},
  author = {Wada, I. and Behn, M. and Shaw, A.},
  year = 2012,
  journal = {Earth and Planetary Science Letters},
  publisher = {Elsevier B.V.},
  volume = {353-354},
  pages = {60--71}
}
@article{cizkova2013,
  title = {Effects of mantle and subduction-interface rheologies on slab stagnation and trench rollback},
  author = {{\v{C}}{\'{i}}{\v{z}}kov{\'{a}}, H. and Bina, C.},
  year = 2013,
  journal = {Earth and Planetary Science Letters},
  volume = 379,
  pages = {95--103}
}
@article{agrusta2013,
  title = {Small-scale convection in a plume-fed low-viscosity layer beneath a moving plate},
  author = {Agrusta, R. and Arcay, D. and Tommasi, A. and Davaille, A. and Ribe, N. and Gerya, T.},
  year = 2013,
  journal = {Geophysical Journal International},
  volume = 194,
  number = 2,
  pages = {591--610}
}
@article{davies2013,
  title = {Global map of solid Earth surface heat flow},
  author = {Davies, J.},
  year = 2013,
  journal = {Geochemistry, Geophysics, Geosystems},
  publisher = {Wiley Online Library},
  volume = 14,
  number = 10,
  pages = {4608--4622}
}
@article{furlong2013,
  title = {Heat flow, heat generation, and the thermal state of the lithosphere},
  author = {Furlong, K. and Chapman, D.},
  year = 2013,
  journal = {Annual Review of Earth and Planetary Sciences},
  publisher = {Annual Reviews},
  volume = 41,
  number = 1,
  pages = {385--410}
}
@article{hasterok2013,
  title = {A heat flow based cooling model for tectonic plates},
  author = {Hasterok, D.},
  year = 2013,
  journal = {Earth and Planetary Science Letters},
  publisher = {Elsevier},
  volume = 361,
  pages = {34--43}
}
@article{scrucca2013,
  title = {{GA}: A Package for Genetic Algorithms in {R}},
  author = {Luca Scrucca},
  year = 2013,
  journal = {Journal of Statistical Software},
  volume = 53,
  number = 4,
  pages = {1--37},
  url = {https://www.jstatsoft.org/v53/i04/}
}
@article{reynard2013,
  title = {Serpentine in active subduction zones},
  author = {Reynard, B.},
  year = 2013,
  journal = {Lithos},
  publisher = {Elsevier B.V.},
  volume = 178,
  pages = {171--185}
}
@article{angiboust2014,
  title = {Channelized fluid flow and eclogite-facies metasomatism along the subduction shear zone},
  author = {Angiboust, S. and Pettke, T. and {De Hoog}, J. and Caron, B. and Oncken, O.},
  year = 2014,
  journal = {Journal of petrology},
  publisher = {Oxford University Press},
  volume = 55,
  number = 5,
  pages = {883--916}
}
@article{gao2014,
  title = {Strength of stick-slip and creeping subduction megathrusts from heat flow observations},
  author = {Gao, X. and Wang, K.},
  year = 2014,
  journal = {Science},
  publisher = {American Association for the Advancement of Science},
  volume = 345,
  number = 6200,
  pages = {1038--1041}
}
@article{wilson2014,
  title = {Fluid flow in subduction zones: The role of solid rheology and compaction pressure},
  author = {Wilson, C. and Spiegelman, M. and {van Keken}, P. and Hacker, B.},
  year = 2014,
  journal = {Earth and Planetary Science Letters},
  publisher = {Elsevier B.V.},
  volume = 401,
  pages = {261--274}
}
@book{cressie2015,
  title = {Statistics for spatial data},
  author = {Cressie, N.},
  year = 2015,
  publisher = {John Wiley \& Sons}
}
@article{penniston2015,
  title = {The global range of subduction zone thermal structures from exhumed blueschists and eclogites: Rocks are hotter than models},
  author = {Penniston-Dorland, S. and Kohn, M. and Manning, C.},
  year = 2015,
  journal = {Earth and Planetary Science Letters},
  publisher = {Elsevier},
  volume = 428,
  pages = {243--254}
}
@article{ruh2015,
  title = {Tectonic slicing of subducting oceanic crust along plate interfaces: Numerical modeling},
  author = {Ruh, J. and Le Pourhiet, L. and Agard, P. and Burov, E. and Gerya, T.},
  year = 2015,
  journal = {Geochemistry, Geophysics, Geosystems},
  volume = 16,
  number = 10,
  pages = {3505--3531}
}
@article{shen2015,
  title = {UHP metamorphism documented in Ti-chondrodite-and Ti-clinohumite-bearing serpentinized ultramafic rocks from Chinese southwestern Tianshan},
  author = {Shen, T. and Hermann, J. and Zhang, L. and L\"{u}, Z. and Padr\'{o}n-Navarta, J. and Xia, B. and Bader, T.},
  year = 2015,
  journal = {Journal of Petrology},
  publisher = {Oxford University Press},
  volume = 56,
  number = 7,
  pages = {1425--1458}
}
@article{agard2016,
  title = {Plate interface rheological switches during subduction infancy: Control on slab penetration and metamorphic sole formation},
  author = {Agard, P. and Yamato, P. and Soret, M. and Prigent, C. and Guillot, S. and Plunder, A. and Dubacq, B. and Chauvet, A. and Moni{\'{e}}, P.},
  year = 2016,
  journal = {Earth and Planetary Science Letters},
  publisher = {Elsevier B.V.},
  volume = 451,
  pages = {208--220}
}
@article{graler2016,
  title = {Spatio-Temporal Interpolation using gstat},
  author = {Benedikt Gr\"{a}ler and Edzer Pebesma and Gerard Heuvelink},
  year = 2016,
  journal = {The R Journal},
  volume = 8,
  pages = {204--218},
  url = {https://journal.r-project.org/archive/2016/RJ-2016-014/index.html},
  issue = 1
}
@article{gonzalez2016,
  title = {Decarbonation of subducting slabs: Insight from petrological--thermomechanical modeling},
  author = {Gonzalez, C. and Gorczyk, W. and Gerya, T.},
  year = 2016,
  journal = {Gondwana Research},
  publisher = {Elsevier},
  volume = 36,
  pages = {314--332}
}
@article{wilkinson2016,
  title = {The FAIR Guiding Principles for scientific data management and stewardship},
  author = {Wilkinson, M. and Dumontier, M. and Aalbersberg, I. and Appleton, G. and Axton, M. and Baak, A. and Blomberg, N. and Boiten, J. and {da Silva Santos}, L. and Bourne, P.},
  year = 2016,
  journal = {Scientific data},
  publisher = {Nature Publishing Group},
  volume = 3,
  number = 1,
  pages = {1--9}
}
@article{abers2017,
  title = {The cold and relatively dry nature of mantle forearcs in subduction zones},
  author = {Abers, G. and {van Keken}, P and Hacker, B.},
  year = 2017,
  journal = {Nature Geoscience},
  publisher = {Nature Publishing Group},
  volume = 10,
  number = 5,
  pages = {333--337}
}
@article{gao2017,
  title = {Rheological separation of the megathrust seismogenic zone and episodic tremor and slip},
  author = {Gao, X. and Wang, K.},
  year = 2017,
  journal = {Nature},
  volume = 543,
  number = 7645,
  pages = {416--419}
}
@article{scrucca2017,
  title = {On some extensions to {GA} package: hybrid optimisation, parallelisation and islands evolution},
  author = {Luca Scrucca},
  year = 2017,
  journal = {The R Journal},
  volume = 9,
  number = 1,
  pages = {187--206},
  url = {https://journal.r-project.org/archive/2017/RJ-2017-008/}
}
@article{plumper2017,
  title = {Fluid escape from subduction zones controlled by channel-forming reactive porosity},
  author = {Pl\"{u}mper, Oliver and John, T. and Podladchikov, Y. and Vrijmoed, J. and Scambelluri, M.},
  year = 2017,
  journal = {Nature Geoscience},
  publisher = {Nature Publishing Group},
  volume = 10,
  number = 2,
  pages = {150--156}
}
@article{vankeken2018,
  title = {Mafic High-Pressure Rocks Are Preferentially Exhumed From Warm Subduction Settings},
  author = {{van Keken}, P. and Wada, I. and Abers, G. and Hacker, B. and Wang, K.},
  year = 2018,
  journal = {Geochemistry, Geophysics, Geosystems},
  volume = 19,
  number = 9,
  pages = {2934--2961}
}
@article{agard2018,
  title = {The subduction plate interface: Rock record and mechanical coupling (from long to short time scales)},
  author = {Agard, P. and Plunder, A. and Angiboust, S. and Bonnet, G. and Ruh, J.},
  year = 2018,
  journal = {Lithos},
  publisher = {Elsevier B.V.},
  volume = {320-321},
  pages = {537--566},
}
@article{pebesma2018,
  title = {Simple Features for R: Standardized Support for Spatial Vector Data},
  author = {Edzer Pebesma},
  year = 2018,
  journal = {The R Journal},
  volume = 10,
  number = 1,
  pages = {439--446},
  doi = {10.32614/rj-2018-009},
  url = {https://doi.org/10.32614/RJ-2018-009}
}
@article{li2018,
  title = {An automatic variogram modeling method with high reliability fitness and estimates},
  author = {Li, Z. and Zhang, X. and Clarke, K. and Liu, G. and Zhu, R.},
  year = 2018,
  journal = {Computers \& geosciences},
  publisher = {Elsevier},
  volume = 120,
  pages = {48--59}
}
@book{patankar2018,
  title = {Numerical heat transfer and fluid flow},
  author = {Patankar, S.},
  year = 2018,
  publisher = {Taylor \& Francis}
}
@article{reesjones2018,
  title = {Thermal impact of magmatism in subduction zones},
  author = {Rees Jones, D. and Katz, R. and Tian, M. and Rudge, J.},
  year = 2018,
  journal = {Earth and Planetary Science Letters},
  publisher = {Elsevier B.V.},
  volume = 481,
  pages = {73--79}
}
@article{zhu2018,
  title = {Spatial prediction based on Third Law of Geography},
  author = {Zhu, A. and Lu, G. and Liu, J. and Qin, C. and Zhou, C.},
  year = 2018,
  journal = {Annals of GIS},
  publisher = {Taylor \& Francis},
  volume = 24,
  number = 4,
  pages = {225--240}
}
@article{lucazeau2019,
  title = {Analysis and mapping of an updated terrestrial heat flow data set},
  author = {Lucazeau, F.},
  year = 2019,
  journal = {Geochemistry, Geophysics, Geosystems},
  publisher = {Wiley Online Library},
  volume = 20,
  number = 8,
  pages = {4001--4024}
}
@book{matheron2019,
  title = {Matheron's Theory of Regionalized Variables},
  author = {Matheron, G.},
  year = 2019,
  publisher = {International Association for}
}
@article{kerswell2020,
  title = {Backarc lithospheric thickness and serpentine stability control slab-mantle coupling depths in subduction zones},
  author = {Kerswell, B. and Kohn, M. and Gerya, T.},
  year = 2020,
  journal = {Geochemistry, Geophysics, Geosystems},
  publisher = {Wiley Online Library},
  pages = {e2020GC009304}
}
@misc{jennings2021,
  title = {HeatFlow.org},
  author = {Jennings, S. and Hasterok, D.},
  year = 2021,
  journal = {Heatflow.org},
  url = {http://heatflow.org/}
}
@manual{proj2021,
  title = {{PROJ} coordinate transformation software library},
  author = {PROJ contributors},
  year = 2021,
  url = {https://proj.org/},
  organization = {Open Source Geospatial Foundation}
}